@article{tsilifis2015,
   author = {Tsilifis, P. and Bilionis, I. and Katsounaros, I and Zabaras, N},
   title = {Variational reformulation of Bayesian inverse problems},
   journal = {ASME Journal of Verification and Validation (submitted)},
   url = {http://arxiv.org/abs/1410.5522},
   year = {2015},
   type = {Journal Article}
}

@article{katsounaros,
  title = {Reaction pathways in the electrochemical reduction of nitrate on tin},
  author = {Katsounaros, I and Dortsiou, M and Polatides, C and Preston, S and Kypraios, T and Kyriacou, G},
  journal={Electrochimica Acta},
  volume={71},
  pages={270--276},
  year={2012},
  publisher={Elsevier}
}

@techreport{oden2010a,
    author = {Oden, Tinsley and Moser, Robert and Ghattas, Omar},
    citeulike-article-id = {10259041},
    institution = {The Institute for Computational Engineering and Sciences},
    keywords = {scientific\_computing, uncertainty\_quantification},
    month = oct,
    posted-at = {2012-01-24 11:22:17},
    priority = {2},
    school = {The University of Texas at Austin},
    title = {Computer Predictions with Quantified Uncertainty, Part I},
    year = {2010},
    url = {http://www.siam.org/pdf/news/1842.pdf}
}

@techreport{oden2010b,
    author = {Oden, Tinsley and Moser, Robert and Ghattas, Omar},
    institution = {The Institute for Computational Engineering and Sciences},
    keywords = {scientific\_computing, uncertainty\_quantification},
    month = oct,
    posted-at = {2012-01-24 11:22:17},
    priority = {2},
    school = {The University of Texas at Austin},
    title = {Computer Predictions with Quantified Uncertainty, Part II},
    year = {2010},
    url = {http://www.siam.org/pdf/news/1857.pdf}
}

@book{jaynes2003,
   author = {Jaynes, E T},
   title = {Probability Theory: The Logic of Science},
   publisher = {Cambridge},
   url = {http://bayes.wustl.edu/etj/prob/book.pdf},
   year = {2003},
   type = {Book}
}